<?xml version="1.0" encoding="utf-8"?>
<record xmlns="http://www.loc.gov/MARC21/slim" xmlns:xsi="http://www.w3.org/2001/XMLSchema-instance" xsi:schemaLocation="http://www.loc.gov/MARC21/slim http://www.loc.gov/standards/marcxml/schema/MARC21slim.xsd">
	<leader>     nam a22     Mi 4500</leader>
	<controlfield tag="001">406048</controlfield>
	<controlfield tag="003">NjP</controlfield>
	<controlfield tag="006">m        d        </controlfield>
	<controlfield tag="007">cr cn |||m|||a</controlfield>
	<controlfield tag="008">190820s1985    ir c    o     000 0 ara d</controlfield>
	<datafield ind1=" " ind2=" " tag="040">
		<subfield code="a">ZYU</subfield>
		<subfield code="b">ara</subfield>
		<subfield code="e">rda</subfield>
		<subfield code="c">ZYU</subfield>
	</datafield>
	<datafield ind1="0" ind2=" " tag="041">
		<subfield code="a">ara</subfield>
		<subfield code="a">per</subfield>
	</datafield>
	<datafield ind1="1" ind2=" " tag="100">
		<subfield code="6">880-01</subfield>
		<subfield code="a">Adhirbayjānī, Ḥabīb Allāh ibn Muḥammad,</subfield>
		<subfield code="d">1851 or 1852-1906 or 1907.</subfield>
	</datafield>
	<datafield ind1="1" ind2="0" tag="245">
		<subfield code="6">880-02</subfield>
		<subfield code="a">Minhāj al-barāʻah fī sharḥ Nahj al-balāghah /</subfield>
		<subfield code="c">li-muʼallifihi Ḥabīb Allāh al-Hāshimī al-Khūʼī ; ʻuniyá bi-taṣḥīḥihi wa-tahḍībihi Ibrāhīm al-Miyānjī.</subfield>
	</datafield>
	<datafield ind1="3" ind2=" " tag="246">
		<subfield code="6">880-03</subfield>
		<subfield code="a">Sharḥ-i Nahj al-balāghah</subfield>
	</datafield>
	<datafield ind1=" " ind2=" " tag="250">
		<subfield code="6">880-04</subfield>
		<subfield code="a">al-Ṭabʻah 4.</subfield>
	</datafield>
	<datafield ind1=" " ind2=" " tag="260">
		<subfield code="6">880-05</subfield>
		<subfield code="a">Tihrān :</subfield>
		<subfield code="b">Bunyād-i Farhangī-i Imām al-Mahdī,</subfield>
		<subfield code="c">[1364 i.e 1985]</subfield>
	</datafield>
	<datafield ind1=" " ind2=" " tag="300">
		<subfield code="a">online resource (21 volumes) :</subfield>
		<subfield code="b">portrait</subfield>
	</datafield>
	<datafield ind1=" " ind2=" " tag="336">
		<subfield code="a">text</subfield>
		<subfield code="2">rdacontent</subfield>
	</datafield>
	<datafield ind1=" " ind2=" " tag="337">
		<subfield code="a">computer</subfield>
		<subfield code="2">rdamedia</subfield>
	</datafield>
	<datafield ind1=" " ind2=" " tag="338">
		<subfield code="a">online resource</subfield>
		<subfield code="2">rdacarrier</subfield>
	</datafield>
	<datafield ind1=" " ind2=" " tag="500">
		<subfield code="a">Arabic and Persian.</subfield>
	</datafield>
	<datafield ind1=" " ind2=" " tag="500">
		<subfield code="a">Spine title: Sharḥ-i Nahj al-balāghah.</subfield>
	</datafield>
	<datafield ind1=" " ind2=" " tag="500">
		<subfield code="a">&quot;Muʼallif ... sharḥ-i Nahj al-balāghah rā tā khuṭbah-ʼi divīst va bīst hasht dar chahārdah mujallad sharḥ nimūd va baqīyah-i ān-rā tā jild-i 19 ... Najm al-Dīn Ḥasan Āmulī (Ḥasanʹzādah) ... sharḥ nimūdah va 2 jild-i bīstum va bīst yakum-i ān-rā ... Muḥammad Bāqir Kamarahʹī ... sharḥ kardah&quot;--V. 1, p. 15 (1st group).</subfield>
	</datafield>
	<datafield ind1=" " ind2=" " tag="500">
		<subfield code="a">Part of the Arabic Collections Online (ACO) project, contributed by Princeton University Libraries.</subfield>
	</datafield>
	<datafield ind1=" " ind2=" " tag="533">
		<subfield code="a">Electronic reproduction.</subfield>
		<subfield code="b">New York, N.Y. :</subfield>
		<subfield code="c">New York University,</subfield>
		<subfield code="d">2019.</subfield>
		<subfield code="5">NNU</subfield>
	</datafield>
	<datafield ind1="1" ind2="0" tag="600">
		<subfield code="a">Sharīf al-Raḍī, Muḥammad ibn al-Ḥusayn,</subfield>
		<subfield code="d">969 or 970-1016.</subfield>
		<subfield code="t">Nahj al-balāghah.</subfield>
	</datafield>
	<datafield ind1="0" ind2="0" tag="600">
		<subfield code="a">ʻAlī ibn Abī Ṭālib,</subfield>
		<subfield code="c">Caliph,</subfield>
		<subfield code="d">approximately 600-661.</subfield>
	</datafield>
	<datafield ind1=" " ind2="0" tag="650">
		<subfield code="a">Shīʻah</subfield>
		<subfield code="x">Doctrines.</subfield>
	</datafield>
	<datafield ind1="0" ind2="7" tag="600">
		<subfield code="a">ʻAlī ibn Abī Ṭālib,</subfield>
		<subfield code="c">Caliph,</subfield>
		<subfield code="d">approximately 600-661</subfield>
		<subfield code="2">fast</subfield>
		<subfield code="0">(OCoLC)fst01804105</subfield>
	</datafield>
	<datafield ind1="0" ind2="7" tag="630">
		<subfield code="a">Nahj al-balāghah (Sharīf al-Raḍī, Muḥammad ibn al-Ḥusayn)</subfield>
		<subfield code="2">fast</subfield>
		<subfield code="0">(OCoLC)fst01368261</subfield>
	</datafield>
	<datafield ind1=" " ind2="7" tag="650">
		<subfield code="a">Shīʻah</subfield>
		<subfield code="x">Doctrines.</subfield>
		<subfield code="2">fast</subfield>
		<subfield code="0">(OCoLC)fst01117948</subfield>
	</datafield>
	<datafield ind1="0" ind2=" " tag="700">
		<subfield code="6">880-06</subfield>
		<subfield code="a">ʻAlī ibn Abī Ṭālib,</subfield>
		<subfield code="c">Caliph,</subfield>
		<subfield code="d">approximately 600-661.</subfield>
	</datafield>
	<datafield ind1="1" ind2=" " tag="700">
		<subfield code="6">880-07</subfield>
		<subfield code="a">Miyānjī, Ibrāhīm.</subfield>
	</datafield>
	<datafield ind1="1" ind2=" " tag="700">
		<subfield code="6">880-08</subfield>
		<subfield code="a">Ḥasanʹzādah Āmulī, Ḥasan. </subfield>
	</datafield>
	<datafield ind1="1" ind2=" " tag="700">
		<subfield code="6">880-09</subfield>
		<subfield code="a">Kamrahʹī, Muḥammad Bāqir. </subfield>
	</datafield>
	<datafield ind1="1" ind2=" " tag="700">
		<subfield code="6">880-10</subfield>
		<subfield code="a">Sharīf al-Raḍī, Muḥammad ibn al-Ḥusayn,</subfield>
		<subfield code="d">969 or 970-1016.</subfield>
		<subfield code="t">Nahj al-balāghah.</subfield>
	</datafield>
	<datafield ind1="2" ind2=" " tag="710">
		<subfield code="a">Princeton University.</subfield>
		<subfield code="b">Library.</subfield>
	</datafield>
	<datafield ind1="0" ind2=" " tag="730">
		<subfield code="a">Arabic Collections Online.</subfield>
	</datafield>
	<datafield ind1="0" ind2="8" tag="776">
		<subfield code="i">Print version:</subfield>
		<subfield code="a">Adhirbayjānī, Ḥabīb Allāh ibn Muḥammad, 1851 or 1852-1906 or 1907.</subfield>
		<subfield code="t">Minhāj al-barāʻah fī sharḥ Nahj al-balāghah</subfield>
		<subfield code="w">(NjP)406048</subfield>
		<subfield code="w">(OCoLC)25342431</subfield>
	</datafield>
	<datafield ind1="4" ind2="0" tag="856">
		<subfield code="u">http://hdl.handle.net/2333.1/xksn0bhs</subfield>
	</datafield>
	<datafield ind1="1" ind2=" " tag="880">
		<subfield code="6">100-01</subfield>
		<subfield code="a">اذربيجاني، حبيب الله بن محمد،</subfield>
		<subfield code="d">1851 or 1852-1906 or 1907.</subfield>
	</datafield>
	<datafield ind1="1" ind2="0" tag="880">
		<subfield code="6">245-02</subfield>
		<subfield code="a">منهاج البراعة في شرح نهج البلاغة /</subfield>
		<subfield code="c">لمؤلفه حبيب الله الهاشمي الخوئي ؛ عنيى بتصحيحه وتهضيبه ابراهيم الميانجي.</subfield>
	</datafield>
	<datafield ind1="3" ind2=" " tag="880">
		<subfield code="6">246-03</subfield>
		<subfield code="a">شرح نهج البلاغة</subfield>
	</datafield>
	<datafield ind1=" " ind2=" " tag="880">
		<subfield code="6">250-04</subfield>
		<subfield code="a">الطبعة 4.</subfield>
	</datafield>
	<datafield ind1=" " ind2=" " tag="880">
		<subfield code="6">260-05</subfield>
		<subfield code="a">طهران :</subfield>
		<subfield code="b">بنىاد فرهنگى امام المهدى،</subfield>
		<subfield code="c">[1364 ا. 1985]</subfield>
	</datafield>
	<datafield ind1="0" ind2=" " tag="880">
		<subfield code="6">700-06</subfield>
		<subfield code="a">علي بن ابي طالب،</subfield>
		<subfield code="c">Caliph,</subfield>
		<subfield code="d">approximately 600-661.</subfield>
	</datafield>
	<datafield ind1="1" ind2=" " tag="880">
		<subfield code="6">700-07</subfield>
		<subfield code="a">ميانجي، ابراهيم.</subfield>
	</datafield>
	<datafield ind1="1" ind2=" " tag="880">
		<subfield code="6">700-08</subfield>
		<subfield code="a">حسن‌زاده آملى، حسن. </subfield>
	</datafield>
	<datafield ind1="1" ind2=" " tag="880">
		<subfield code="6">700-09</subfield>
		<subfield code="a">کمره‌، محمد باقر.  </subfield>
	</datafield>
	<datafield ind1="1" ind2=" " tag="880">
		<subfield code="6">700-10</subfield>
		<subfield code="a">شريف الرضي، محمد بن الحسين،</subfield>
		<subfield code="d">969 or 970-1016.</subfield>
		<subfield code="t">نهج البلاغة.</subfield>
	</datafield>
	<datafield ind1=" " ind2=" " tag="959">
		<subfield code="a">NNU</subfield>
		<subfield code="b">WEB</subfield>
		<subfield code="c">GENI</subfield>
		<subfield code="t">0</subfield>
		<subfield code="m">Electronic access</subfield>
		<subfield code="s">01</subfield>
	</datafield>
	<datafield ind1=" " ind2=" " tag="999">
		<subfield code="i">NjP_406048</subfield>
		<subfield code="o">(OCoLC)ocm25342431</subfield>
		<subfield code="s">princeton_aco002442:juz 1</subfield>
		<subfield code="s">princeton_aco002448:juz 2</subfield>
		<subfield code="s">princeton_aco002447:juz 3</subfield>
		<subfield code="s">princeton_aco002446:juz 4</subfield>
		<subfield code="s">princeton_aco002445:juz 5</subfield>
		<subfield code="s">princeton_aco002444:juz 6</subfield>
		<subfield code="s">princeton_aco002443:juz 7</subfield>
		<subfield code="s">princeton_aco002441:juz 8</subfield>
		<subfield code="s">princeton_aco002440:juz 9</subfield>
		<subfield code="s">princeton_aco002439:juz 10</subfield>
		<subfield code="s">princeton_aco002438:juz 11</subfield>
		<subfield code="s">princeton_aco002519:juz 17</subfield>
		<subfield code="s">princeton_aco002520:juz 20</subfield>
		<subfield code="s">princeton_aco002521:juz 21</subfield>
		<subfield code="e">(ERROR-MISC)</subfield>
		<subfield code="s">princeton_aco002442:juz 1</subfield>
		<subfield code="s">princeton_aco002448:juz 2</subfield>
		<subfield code="s">princeton_aco002447:juz 3</subfield>
		<subfield code="s">princeton_aco002446:juz 4</subfield>
		<subfield code="s">princeton_aco002445:juz 5</subfield>
		<subfield code="s">princeton_aco002444:juz 6</subfield>
		<subfield code="s">princeton_aco002443:juz 7</subfield>
		<subfield code="s">princeton_aco002441:juz 8</subfield>
		<subfield code="s">princeton_aco002440:juz 9</subfield>
		<subfield code="s">princeton_aco002439:juz 10</subfield>
		<subfield code="s">princeton_aco002438:juz 11</subfield>
		<subfield code="s">princeton_aco002519:juz 17</subfield>
		<subfield code="s">princeton_aco002520:juz 20</subfield>
		<subfield code="s">princeton_aco002521:juz 21</subfield>
	</datafield>
</record>
